%http://en.wikibooks.org/wiki/LaTeX/Bibliography_Management

@MASTERSTHESIS{hat,
   author = "Joseph Michael Rozie",
   title = " Hear and There: An Augmented Reality System of Linked Audio",
   school = "MIT",
   year = 2000
}

@INPROCEEDINGS{rupr,
  author = {S. K. Ong,M.L Yuan, A. Y. C. Nee },
  title = {Registration using projective reconstruction for augmented reality systems},
  booktitle = {Proceedings of the 2004 ACM SIGGRAPH international conference on Virtual Reality continuum and its applications in industry },
  year = {2004},
}

@MASTERSTHESIS{sui,
   author = "Jackie Chia-Hsun Lee",
   title = "Spatial user interface: Augmenting Human Sensibilities in a Domestic Kitchen",
   school = "MIT",
   year = 2005
}

@MASTERSTHESIS{rtpr,
   author = "Jeffrey M. Levine",
   title = "Real-Time Target and Pose Recognition for 3-D Graphical Overlay",
   school = "MIT",
   year = 1997
}



@article{arcl, 
    title={Augmented Reality in a Contact Lens}, 
    volume={9}, 
    url={http://spectrum.ieee.org/biomedical/bionics/augmented-reality-in-a-contact-lens/0?t}, 
    journal={Ieee Spectrum}, 
    author={Parviz, Babak A},
     year={2009}, 
     pages={1--5}}

@INPROCEEDINGS{vhli,
author = "R. Marín, P. J. Sanz, J. S. Sánchez",
  title = "A Very High Level Interface to Teleoperate a Robot via Web including Augmented Reality",
  booktitle = "International Conference of Robotic And Automation" ,
  year = 2002
}

@TECHREPORT{agar,
author = "M.L. Yuan, S.K. Ong§ and A.Y.C. Nee",
  title = "Assembly Guidance in Augmented Reality Environments Using a Virtual Interactive Tool",
  institution = "Singapore-MIT Alliance" ,
  year = 2002
}

@BOOK{rmac,
 title = {Robot modeling and control}, 
year = {2006},
 publisher = {John Wiley and Sons},
 address = {Hoboken, NJ},
 ISBN = {0471649902; 978047164990},
 author = {Spong, Mark W and Hutchinson, Seth and Vidyasagar, M} ,
 note = {Incluye referencias bibliogr\'aficas (p. 459-470) e \'indice.}
}

@inproceedings{1460165,
 author = {Takacs, Gabriel and Chandrasekhar, Vijay and Gelfand, Natasha and Xiong, Yingen and Chen, Wei-Chao and Bismpigiannis, Thanos and Grzeszczuk, Radek and Pulli, Kari and Girod, Bernd},
 title = {Outdoors augmented reality on mobile phone using loxel-based visual feature organization},
 booktitle = {MIR '08: Proceeding of the 1st ACM international conference on Multimedia information retrieval},
 year = {2008},
 isbn = {978-1-60558-312-9},
 pages = {427--434},
 location = {Vancouver, British Columbia, Canada},
 doi = {http://0-doi.acm.org.millenium.itesm.mx/10.1145/1460096.1460165},
 publisher = {ACM},
 address = {New York, NY, USA},
 }


@article{1527367,
 author = {Schall, Gerhard and Mendez, Erick and Kruijff, Ernst and Veas, Eduardo and Junghanns, Sebastian and Reitinger, Bernhard and Schmalstieg, Dieter},
 title = {Handheld Augmented Reality for underground infrastructure visualization},
 journal = {Personal Ubiquitous Comput.},
 volume = {13},
 number = {4},
 year = {2009},
 issn = {1617-4909},
 pages = {281--291},
 doi = {http://dx.doi.org/10.1007/s00779-008-0204-5},
 publisher = {Springer-Verlag},
 address = {London, UK},
 }


@inproceedings{1605359,
 author = {Wagner, Daniel and Reitmayr, Gerhard and Mulloni, Alessandro and Drummond, Tom and Schmalstieg, Dieter},
 title = {Pose tracking from natural features on mobile phones},
 booktitle = {ISMAR '08: Proceedings of the 7th IEEE/ACM International Symposium on Mixed and Augmented Reality},
 year = {2008},
 isbn = {978-1-4244-2840-3},
 pages = {125--134},
 doi = {http://dx.doi.org/10.1109/ISMAR.2008.4637338},
 publisher = {IEEE Computer Society},
 address = {Washington, DC, USA},
 }

@book{5975421,
    author = {Weiskopf, Daniel},
    citeulike-article-id = {5975421},
    day = {16},
    edition = {1},
    howpublished = {Hardcover},
    isbn = {3540332626},
    keywords = {gpu, rendering, volume},
    month = {November},
    posted-at = {2009-10-20 17:26:59},
    priority = {2},
    publisher = {Springer},
    title = {GPU-Based Interactive Visualization Techniques (Mathematics and Visualization)},
    url = {http://www.amazon.com/exec/obidos/redirect?tag=citeulike07-20\&path=ASIN/3540332626},
    year = {2006}
}


@inproceedings{1698266,
 author = {Liverani, Alfredo and Carbone, Luigi and Caligiana, Gianni},
 title = {VAM: video aided modeling for shape reconstruction and re-design},
 booktitle = {IASTED-HCI '07: Proceedings of the Second IASTED International Conference on Human Computer Interaction},
 year = {2007},
 isbn = {978-0-88986-655-3},
 pages = {74--79},
 location = {Chamonix, France},
 publisher = {ACTA Press},
 address = {Anaheim, CA, USA},
 }


@misc{md2010,
author = {Gartner.com},
title = {Gartner Says Sales of Mobile Devices in Second Quarter of 2011 Grew 16.5 Percent Year-on-Year; Smartphone Sales Grew 74 Percent},
month = octuber,
year = {2010},
howpublished = {\url{htt1://www.gartner.com/it/page.jsp?id=1372013}}
}


@misc{md2011,
author = {Gartner.com},
title = {Gartner Says Worldwide Mobile Phone Sales Grew 17 Per Cent in First Quarter 2010},
month = may,
year = {2010},
howpublished = {\url{http://www.gartner.com/it/page.jsp?id=1764714}}
}

@proceedings{hci2005,
  editor    = {Maria Francesca Costabile and
               Fabio Patern{\`o}},
  title     = {Human-Computer Interaction - INTERACT 2005, IFIP TC13 International
               Conference, Rome, Italy, September 12-16, 2005, Proceedings},
  booktitle = {INTERACT},
  publisher = {Springer},
  series    = {Lecture Notes in Computer Science},
  volume    = {3585},
  year      = {2005},
  isbn      = {3-540-28943-7},
  bibsource = {DBLP, http://dblp.uni-trier.de}
}




@inproceedings{1687451,
 author = {Croix, John F. and Khatri, Sunil P.},
 title = {Introduction to GPU programming for EDA},
 booktitle = {ICCAD '09: Proceedings of the 2009 International Conference on Computer-Aided Design},
 year = {2009},
 isbn = {978-1-60558-800-1},
 pages = {276--280},
 location = {San Jose, California},
 doi = {http://0-doi.acm.org.millenium.itesm.mx/10.1145/1687399.1687451},
 publisher = {ACM},
 address = {New York, NY, USA},
 }


@inproceedings{1731808,
 author = {Vassilev, Tzvetomir},
 title = {Implementing common array algorithms on modern GPUs},
 booktitle = {CompSysTech '09: Proceedings of the International Conference on Computer Systems and Technologies and Workshop for PhD Students in Computing},
 year = {2009},
 isbn = {978-1-60558-986-2},
 pages = {1--7},
 location = {Ruse, Bulgaria},
 doi = {http://0-doi.acm.org.millenium.itesm.mx/10.1145/1731740.1731808},
 publisher = {ACM},
 address = {New York, NY, USA},
 }


@misc{ IntroStTubeES,
author = {Tobias Langlotz, Alessandro Mulloni},
title = {Introduction to Studierstube ES},
howpublished = {\url{http://www.icg.tu-graz.ac.at/Members/club_gruber/StbES/StbES-Lecture/at_download/file}}
 }

@misc{StTbEs,
          howpublished = {\url{http://studierstube.icg.tu-graz.ac.at/handheld_ar/stbes.php}},
          author = {{Dieter Schmalstieg}},
          title = {Studierstube ES},
          year = 2011,
          lastchecked = {22 de septiembre 2011}
 }




@misc{ mrigd,
author = {
Frank K. Wacker,
 Sebastian Vogt,
 Ali Khamene, 
 John A. Jesberger,
 Sherif G. Nour, 
 Daniel R. Elgort, 
 Frank Sauer, 
 Jeffrey L. Duerk, 
 Jonathan S. Lewin
},
title = {An Augmented Reality System for MR Image–guided Needle Biopsy: Initial Results in a Swine Model},
howpublished = {\url{http://radiology.rsna.org/content/238/2/497.full}},
year = {2010}
 }





@inproceedings{1772933,
 author = {Leung, Catherine and Salga, Andor},
 title = {Enabling WebGL},
 booktitle = {WWW '10: Proceedings of the 19th international conference on World wide web},
 year = {2010},
 isbn = {978-1-60558-799-8},
 pages = {1369--1370},
 location = {Raleigh, North Carolina, USA},
 doi = {http://0-doi.acm.org.millenium.itesm.mx/10.1145/1772690.1772933},
 publisher = {ACM},
 address = {New York, NY, USA},
 }

@inproceedings{Tan:2008:IDP:1396808.1397457,
 author = {Tan, Delin and Huang, Shou-Hsuan Stephen},
 title = {Integrating Direct3D Programming into Computer Science Curriculum},
 booktitle = {Proceedings of the Fifth International Conference on Information Technology: New Generations},
 year = {2008},
 isbn = {978-0-7695-3099-4},
 pages = {534--538},
 numpages = {5},
 url = {http://portal.acm.org/citation.cfm?id=1396808.1397457},
 doi = {10.1109/ITNG.2008.159},
 acmid = {1397457},
 publisher = {IEEE Computer Society},
 address = {Washington, DC, USA},
 keywords = {DirectX},
}



@inproceedings{bb86741,
        AUTHOR = "Gammeter, S. and Gassmann, A. and Bossard, L. and Quack, T. and Van Gool, L.J.",
        TITLE = "Server-side object recognition and client-side object tracking for mobile augmented reality",
        YEAR = "2010",
        PAGES = "1-8",
        BIBSOURCE = "http://www.visionbib.com/bibliography/applicat829.html#TT83113"
        }

    
@inproceedings{aroasf,
        AUTHOR = "Tobias Domhan",
        TITLE = "Augmented Reality on Android Smartphones",
        YEAR = "2010"}



@misc{layar,
          howpublished = {\url{http://www.layar.com}},
          author = "layar",
          title = "layar",
          year = 2011,
          lastchecked = "26 de septiembre 2011"
 }
 
 @misc{goggles,
          howpublished = {\url{http://www.google.com/mobile/goggles/}},
          author = "google",
          title = "Google Goggles: Use pictures to search the web",
          year = 2011,
          lastchecked = "26 de octubre 2011"
 }

@misc{wikitude,
          howpublished = {\url{http://www.wikitude.org/}},
          author = "Wikitude",
          title = "Wikitude",
          year = 2011,
          lastchecked = "26 de octubre 2011"
 }

@misc{klimt,
          howpublished = {\url{http://studierstube.icg.tu-graz.ac.at/klimt/}},
          author = "KLIMT",
          title = "Klimt - the Open Source 3D Graphics Library for Mobile Devices",
          year = 2011,
          lastchecked = "26 de octubre 2011"
 }
 
 @misc{hitl,
          howpublished =  {\url{http://www.hitl.washington.edu/artoolkit/documentation/usersetup.htm}},
          author = "ARToolKit",
          title = "Setting up ARToolKit",
          year = 2011,
          lastchecked = "26 de octubre 2011"
 }
 


@article{Azuma97asurvey,
    author = "Ronald T. Azuma",
    title = "A survey of augmented reality",
    journal = "Presence: Teleoperators and Virtual Environments",
    volume = "6",
    number = "4",
    month = aug,
    year = "1997",
    pages = "355--385"
}


@misc{kronos,
          howpublished = {\url{http://www.khronos.org/opengles/}},
          author = {{Khronos Group}},
          title = {OpenGL ES - The Standard for Embedded Accelerated 3D Graphics},
          year = 2011,
          lastchecked = {22 de septiembre 2011}
 }



@misc{kronosspec,
howpublished = {\url{http://www.khronos.org/registry/gles/specs/1.1/es_full_spec_1.1.12.pdf}},
title = {OpenGL ES Common/Common-Lite Profile Specification},
author = {David Blythe}
}

@misc{openglAnd,
          howpublished = {\url{http://developer.android.com/guide/topics/graphics/opengl.html}},
          author = {{Android Developers Community}},
          title = {OpenGL | Android Developers},
          year = 2011,
          lastchecked = {22 de septiembre 2011}
 }
 



@misc{pandar,
          howpublished = {\url{http://code.google.com/p/andar/}},
          author = {Tobias Domhan},
          title = {AndAR - Android Augmented Reality},
          year = 2011,
          lastchecked = {22 de septiembre 2011}
 }




 
@inproceedings{Azuma:2004:OAR:1103900.1103926,
 author = {Azuma, Ronald},
 title = {Overview of augmented reality},
 booktitle = {ACM SIGGRAPH 2004 Course Notes},
 series = {SIGGRAPH '04},
 year = {2004},
 location = {Los Angeles, CA},
 articleno = {26},
 url = {http://doi.acm.org/10.1145/1103900.1103926},
 doi = {http://doi.acm.org/10.1145/1103900.1103926},
 acmid = {1103926},
 publisher = {ACM},
 address = {New York, NY, USA},
}


@misc{artkfl,
          howpublished = {\url{http://www.hitl.washington.edu/artoolkit/documentation/features.htm}},
          author = {HITLab},
          title = {ARToolkit feature list},
          year = 2011,
          lastchecked = {22 de septiembre 2011}
 }







@TECHREPORT{cai,
author = "Carlos Alcarria Izquierdo",
  title = "Desarrollo de un sistema de realidad aumentada usando dispositivos móviles",
  institution = "Universidad politecnica de Valencia" ,
  year = "2010"
}




@book{citeulike:5955149,
    author = {Company, Sonatype},
    day = {01},
    edition = {1},
    howpublished = {Paperback},
    isbn = {0596517335},
   	pages = {3--4},
    keywords = {book, maven},
    month = oct,
    posted-at = {2009-10-17 01:40:45},
    priority = {2},
    publisher = {O'Reilly Media, Inc.},
    title = {{Maven: The Definitive Guide}},
    year = {2008}
}





@misc{estoesgoogle,
author = {Ikai Lan},
title = {REST, Oauth y más: Comprendiendo los estándares de facto de la nube para construir aplicaciones integradas},
institution = {Google},
year = {2011},
location = {México, DF}
}


@misc{w7,
          howpublished = {\url{http://windows.microsoft.com/es-MX/windows7/products/system-requirements}},
          author = {Microsoft},
          title = {Requisitos del sistema Windows 7 - Microsoft Windows},
          year = 2011,
          lastchecked = {22 de septiembre 2011}
 }



@article{Perry:1992:FSS:141874.141884,
 author = {Perry, Dewayne E. and Wolf, Alexander L.},
 title = {Foundations for the study of software architecture},
 journal = {SIGSOFT Softw. Eng. Notes},
 volume = {17},
 issue = {4},
 month = {October},
 year = {1992},
 issn = {0163-5948},
 pages = {40--52},
 numpages = {13},
 url = {http://0-doi.acm.org.millenium.itesm.mx/10.1145/141874.141884},
 doi = {http://0-doi.acm.org.millenium.itesm.mx/10.1145/141874.141884},
 acmid = {141884},
 publisher = {ACM},
 address = {New York, NY, USA},
} 

@PhdThesis{restfielding,
  author =	"R. Fielding",
  title =	"Architectural Styles and the Design of Network-based
		 Software Architectures",
  school =	"University of Califormia",
  address =	"{Irvine, USA}",
  year = 	"2000",
}


@inproceedings{geopointer,
 author = {Beer, Wolfgang},
 title = {GeoPointer: approaching tangible augmentation of the real world},
 booktitle = {Proceedings of the 8th International Conference on Advances in Mobile Computing and Multimedia},
 series = {MoMM '10},
 year = {2010},
 isbn = {978-1-4503-0440-5},
 location = {Paris, France},
 pages = {221--225},
 numpages = {5},
 url = {http://0-doi.acm.org.millenium.itesm.mx/10.1145/1971519.1971557},
 doi = {http://0-doi.acm.org.millenium.itesm.mx/10.1145/1971519.1971557},
 acmid = {1971557},
 publisher = {ACM},
 address = {New York, NY, USA},
 keywords = {GIS, augmented reality, tangible interfaces},
} 

@inproceedings{Bimber:2007:MAA:1281500.1281628,
 author = {Bimber, Oliver and Raskar, Ramesh},
 title = {Modern approaches to augmented reality },
 booktitle = {ACM SIGGRAPH 2007 courses},
 series = {SIGGRAPH '07},
 year = {2007},
 location = {San Diego, California},
 articleno = {1},
 url = {http://0-doi.acm.org.millenium.itesm.mx/10.1145/1281500.1281628},
 doi = {http://0-doi.acm.org.millenium.itesm.mx/10.1145/1281500.1281628},
 acmid = {1281628},
 publisher = {ACM},
 address = {New York, NY, USA},
} 


@article{Kaye:2004:MSA:962342.964333,
 author = {Kaye, Joseph "Jofish"},
 title = {Making Scents: aromatic output for HCI},
 journal = {interactions},
 volume = {11},
 issue = {1},
 month = {January},
 year = {2004},
 issn = {1072-5520},
 pages = {48--61},
 numpages = {14},
 url = {http://0-doi.acm.org.millenium.itesm.mx/10.1145/962342.964333},
 doi = {http://0-doi.acm.org.millenium.itesm.mx/10.1145/962342.964333},
 acmid = {964333},
 publisher = {ACM},
 address = {New York, NY, USA},
} 

@inproceedings{Bederson:1995:AAR:223355.223526,
 author = {Bederson, Benjamin B.},
 title = {Audio augmented reality: a prototype automated tour guide},
 booktitle = {Conference companion on Human factors in computing systems},
 series = {CHI '95},
 year = {1995},
 isbn = {0-89791-755-3},
 location = {Denver, Colorado, United States},
 pages = {210--211},
 numpages = {2},
 url = {http://0-doi.acm.org.millenium.itesm.mx/10.1145/223355.223526},
 doi = {http://0-doi.acm.org.millenium.itesm.mx/10.1145/223355.223526},
 acmid = {223526},
 publisher = {ACM},
 address = {New York, NY, USA},
} 

@inproceedings{Yokokohji:2000:AIO:832288.835786,
 author = {Yokokohji, Yasuyoshi and Sugawara, Yoshihiko and Yoshikawa, Tsuneo},
 title = {Accurate Image Overlay on Video See-Through HMDs Using Vision and Accelerometers},
 booktitle = {Proceedings of the IEEE Virtual Reality 2000 Conference},
 series = {VR '00},
 year = {2000},
 isbn = {0-7695-0478-7},
 pages = {247--},
 url = {http://0-dl.acm.org.millenium.itesm.mx/citation.cfm?id=832288.835786},
 acmid = {835786},
 publisher = {IEEE Computer Society},
 address = {Washington, DC, USA},
 keywords = {augmented reality, image overlay, see-through HMD, Kalman filter, vision-based tracking},
} 


@inproceedings{Sherstyuk:2009:DLA:1643928.1643982,
 author = {Sherstyuk, Andrei and Treskunov, Anton},
 title = {Dynamic light amplification for head mounted displays},
 booktitle = {Proceedings of the 16th ACM Symposium on Virtual Reality Software and Technology},
 series = {VRST '09},
 year = {2009},
 isbn = {978-1-60558-869-8},
 location = {Kyoto, Japan},
 pages = {235--236},
 numpages = {2},
 url = {http://0-doi.acm.org.millenium.itesm.mx/10.1145/1643928.1643982},
 doi = {http://0-doi.acm.org.millenium.itesm.mx/10.1145/1643928.1643982},
 acmid = {1643982},
 publisher = {ACM},
 address = {New York, NY, USA},
 keywords = {real-time light control, simulated lighting effects},
} 


@inproceedings{Kjlma:2009:FIP:1549820.1549906,
 author = {Kjlma, Ryugo and Watanabe, Jyunya},
 title = {False Image Projector For Head Mounted Display Using Retrotransmissive Optical System},
 booktitle = {Proceedings of the 2009 IEEE Virtual Reality Conference},
 year = {2009},
 isbn = {978-1-4244-3943-0},
 pages = {297--298},
 numpages = {2},
 url = {http://0-dl.acm.org.millenium.itesm.mx/citation.cfm?id=1549820.1549906},
 doi = {10.1109/VR.2009.4811063},
 acmid = {1549906},
 publisher = {IEEE Computer Society},
 address = {Washington, DC, USA},
} 

@inproceedings{Sonoda:2005:XFO:1187297.1187330,
 author = {Sonoda, Tetsuri and Endo, Tomohiro and Kawakami, Naoki and Tachi, Sususmu},
 title = {X'talVisor: full open type head-mounted projector},
 booktitle = {ACM SIGGRAPH 2005 Emerging technologies},
 series = {SIGGRAPH '05},
 year = {2005},
 location = {Los Angeles, California},
 articleno = {32},
 url = {http://0-doi.acm.org.millenium.itesm.mx/10.1145/1187297.1187330},
 doi = {http://0-doi.acm.org.millenium.itesm.mx/10.1145/1187297.1187330},
 acmid = {1187330},
 publisher = {ACM},
 address = {New York, NY, USA},
} 

@inproceedings{Eishita:2010:TSA:1920778.1920811,
 author = {Eishita, Farjana Z. and Stanley, Kevin G.},
 title = {THEEMPA: simple AR games using layar},
 booktitle = {Proceedings of the International Academic Conference on the Future of Game Design and Technology},
 series = {Futureplay '10},
 year = {2010},
 isbn = {978-1-4503-0235-7},
 location = {Vancouver, British Columbia, Canada},
 pages = {219--222},
 numpages = {4},
 url = {http://0-doi.acm.org.millenium.itesm.mx/10.1145/1920778.1920811},
 doi = {http://0-doi.acm.org.millenium.itesm.mx/10.1145/1920778.1920811},
 acmid = {1920811},
 publisher = {ACM},
 address = {New York, NY, USA},
 keywords = {APK, POI, augment reality (AR)},
} 


@article{citeulike:6844215,
    author = {Lechner, Martin and Tripp, Markus},
    citeulike-article-id = {6844215},
    journal = {MobileARSummit, http://www.perey.com/MobileARSummit/Mobilizy-ARML.pdf},
    keywords = {ar, wikitude},
    posted-at = {2010-03-14 10:54:14},
    priority = {4},
    title = {{ARML An Augmented Reality Standard}},
    year = {2010}
}


@book{madden2011professional,
  title={Professional Augmented Reality Browsers for Smartphones: Programming for Junaio, Layar and Wikitude},
  author={Madden, L.},
  isbn={9781119992813},
  series={Wrox Programmer to Programmer},
  url={http://books.google.com/books?id=gRpH49rlVRsC},
  year={2011},
  publisher={John Wiley \& Sons}
}



@book{cgpp-2ed-1995,
    author = {Foley, James D. and van Dam, Andries and Feiner, Steven K. and Hughes, John F.},
    citeulike-article-id = {972224},
    day = {4},
    edition = {Second},
    howpublished = {Hardcover},
    isbn = {0201848406},
    keywords = {computer-graphics, textbook},
    month = aug,
    posted-at = {2006-12-03 09:24:03},
    priority = {2},
    publisher = {Addison-Wesley Professional},
    title = {Computer Graphics: Principles and Practice in C},
    url = {http://www.worldcat.org/isbn/0201848406},
    year = {1996}
}



@inproceedings{Gaukrodger:2007:ARA:1328491.1328504,
 author = {Gaukrodger, Stephen J and Lintott, Andrew},
 title = {Augmented reality and applications for assistive technology},
 booktitle = {Proceedings of the 1st international convention on Rehabilitation engineering \&\#38; assistive technology: in conjunction with 1st Tan Tock Seng Hospital Neurorehabilitation Meeting},
 series = {i-CREATe '07},
 year = {2007},
 isbn = {978-1-59593-852-7},
 location = {Singapore},
 pages = {47--51},
 numpages = {5},
 url = {http://0-doi.acm.org.millenium.itesm.mx/10.1145/1328491.1328504},
 doi = {http://0-doi.acm.org.millenium.itesm.mx/10.1145/1328491.1328504},
 acmid = {1328504},
 publisher = {ACM},
 address = {New York, NY, USA},
 keywords = {ARToolkit, aspects, assistive technology, augmented reality},
} 

@misc{artoolkitios,
          howpublished = {\url{http://www.artoolworks.com/products/mobile/artoolkit-for-ios/}},
          author = {{ARToolWorks Inc}},
          title = {ARToolKit for iOS},
          year = 2011,
          lastchecked = {22 de septiembre 2011}
 }

@misc{slartoolkit,
          howpublished = {\url{http://slartoolkit.codeplex.com/}},
          author = {{CodePlex OpenSource Community}},
          title = { SLARToolkit - Silverlight and Windows Phone Augmented},
          year = 2011,
          lastchecked = {22 de septiembre 2011}
 }

@misc{flartoolkit,
          howpublished = {\url{http://www.libspark.org/wiki/saqoosha/FLARToolKit/en}},
          author = {{Spark Project}},
          title = { FLARToolKit},
          year = 2011,
          lastchecked = {22 de septiembre 2011}
 }
 
 @misc{androidmanifest,
          howpublished = {\url{http://developer.android.com/guide/topics/manifest/manifest-intro.html}},
          author = {{Android developers}},
          title = {The AndroidManifest.xml File},
          year = 2011,
          lastchecked = {22 de septiembre 2011}
 }


 @misc{jsr241,
          howpublished = {\url{http://www.jcp.org/en/jsr/detail?id=241}},
          author = {{Java Community Process}},
          title = {JSR 241: The Groovy Programming Language},
          year = 2011,
          lastchecked = {26 de septiembre 2011}
 }


 @misc{jsr335,
          howpublished = {\url{http://www.jcp.org/en/jsr/detail?id=335}},
          author = {{Java Community Process}},
          title = {JSR 335: Lambda Expressions for the JavaTM Programming Language},
          year = 2011,
          lastchecked = {26 de septiembre 2011}
 }



@book{britomanual,
  title={Manual de desarrollo web con Grails},
  author={Brito, N.},
  isbn={9788461326518},
  url={http://books.google.com.pe/books?id=Wa9AXT7zHVwC},
  publisher={Imaginaworks Software Facto}
}




@inproceedings{Said:2010:PTC:1869652.1869665,
 author = {Said, Alan and Berkovsky, Shlomo and De Luca, Ernesto W.},
 title = {Putting things in context: Challenge on Context-Aware Movie Recommendation},
 booktitle = {Proceedings of the Workshop on Context-Aware Movie Recommendation},
 series = {CAMRa '10},
 year = {2010},
 isbn = {978-1-4503-0258-6},
 location = {Barcelona, Spain},
 pages = {2--6},
 numpages = {5},
 url = {http://0-doi.acm.org.millenium.itesm.mx/10.1145/1869652.1869665},
 doi = {http://0-doi.acm.org.millenium.itesm.mx/10.1145/1869652.1869665},
 acmid = {1869665},
 publisher = {ACM},
 address = {New York, NY, USA},
 keywords = {context modeling, context-aware personalization, datasets, recommender systems, social network analysis, social networks, user modeling},
} 


@inproceedings{Taherkordi:2009:SLA:1554233.1554244,
 author = {Taherkordi, Amirhosein and Rouvoy, Romain and Le-Trung, Quan and Eliassen, Frank},
 title = {Supporting lightweight adaptations in context-aware wireless sensor networks},
 booktitle = {Proceedings of the 1st International Workshop on Context-Aware Middleware and Services: affiliated with the 4th International Conference on Communication System Software and Middleware (COMSWARE 2009)},
 series = {CAMS '09},
 year = {2009},
 isbn = {978-1-60558-525-3},
 location = {Dublin, Ireland},
 pages = {43--48},
 numpages = {6},
 url = {http://0-doi.acm.org.millenium.itesm.mx/10.1145/1554233.1554244},
 doi = {http://0-doi.acm.org.millenium.itesm.mx/10.1145/1554233.1554244},
 acmid = {1554244},
 publisher = {ACM},
 address = {New York, NY, USA},
 keywords = {adaptation middleware, context-awareness, software component model, wireless sensor networks},
} 


@inproceedings{Rahmani:2010:TCA:1869652.1869662,
 author = {Rahmani, Hossein and Piccart, Beau and Fierens, Daan and Blockeel, Hendrik},
 title = {Three complementary approaches to context aware movie recommendation},
 booktitle = {Proceedings of the Workshop on Context-Aware Movie Recommendation},
 series = {CAMRa '10},
 year = {2010},
 isbn = {978-1-4503-0258-6},
 location = {Barcelona, Spain},
 pages = {57--60},
 numpages = {4},
 url = {http://0-doi.acm.org.millenium.itesm.mx/10.1145/1869652.1869662},
 doi = {http://0-doi.acm.org.millenium.itesm.mx/10.1145/1869652.1869662},
 acmid = {1869662},
 publisher = {ACM},
 address = {New York, NY, USA},
} 

@article{Fujii:2009:SCD:1516533.1516536,
 author = {Fujii, Keita and Suda, Tatsuya},
 title = {Semantics-based context-aware dynamic service composition},
 journal = {ACM Trans. Auton. Adapt. Syst.},
 issue_date = {May 2009},
 volume = {4},
 issue = {2},
 month = {May},
 year = {2009},
 issn = {1556-4665},
 pages = {12:1--12:31},
 articleno = {12},
 numpages = {31},
 url = {http://0-doi.acm.org.millenium.itesm.mx/10.1145/1516533.1516536},
 doi = {http://0-doi.acm.org.millenium.itesm.mx/10.1145/1516533.1516536},
 acmid = {1516536},
 publisher = {ACM},
 address = {New York, NY, USA},
 keywords = {Dynamic service composition, context-aware, semantics, service oriented framework},
} 

@inproceedings{Davidyuk:2004:CMM:1052380.1052410,
 author = {Davidyuk, Oleg and Riekki, Jukka and Rautio, Ville-Mikko and Sun, Junzhao},
 title = {Context-aware middleware for mobile multimedia applications},
 booktitle = {Proceedings of the 3rd international conference on Mobile and ubiquitous multimedia},
 series = {MUM '04},
 year = {2004},
 isbn = {1-58113-981-0},
 location = {College Park, Maryland},
 pages = {213--220},
 numpages = {8},
 url = {http://0-doi.acm.org.millenium.itesm.mx/10.1145/1052380.1052410},
 doi = {http://0-doi.acm.org.millenium.itesm.mx/10.1145/1052380.1052410},
 acmid = {1052410},
 publisher = {ACM},
 address = {New York, NY, USA},
 keywords = {context-aware and mobile computing, multimedia content adaptation},
} 

@INPROCEEDINGS{183317, 
author={Caudell, T.P. and Mizell, D.W.}, 
booktitle={System Sciences, 1992. Proceedings of the Twenty-Fifth Hawaii International Conference on}, 
title={Augmented reality: an application of heads-up display technology to manual manufacturing processes}, 
year={1992}, 
month={jan}, 
volume={ii}, 
number={}, 
keywords={ HUDset technology; aircraft manufacturing; computer-produced diagram; head position sensing; heads-up display technology; manual manufacturing processes; prototyping; real world registration system; CAD/CAM; computer graphics;}, 
doi={10.1109/HICSS.1992.183317}, 
ISSN={},}
